@Article{MIdiagnostics,
	Title					= {Diagnostics for multivariate imputations},
	Author					= {Abayomi, Kobi and Gelman, Andrew and Levy, Marc},
	Journal					= {Journal of the Royal Statistical Society Series C. Appl. Statist.},
	Year					= {2008},
	Number					= {3},
	Pages					= {273-291},
	Volume					= {57}
}

@Article{van07,
	Title					= {Multiple imputation of discrete and continuous data by fully conditional specification.},
	Author					= {van Buuren, Stef},
	Journal					= {Statistical Methods in Medical Research},
	Year					= {2007},
	Number					= {3},
	Pages					= {219-42},
	Volume					= {16},

	Doi						= {10.1177/0962280206074463},
	Pmid					= {17621469}
}

@TechReport{Buuren2000,
	Title					= {Multivariate Imputation by Chained Equations},
	Author					= {van Buuren, S. and Oudshoorn, C. G. M.},
	Year					= {2000},
	Month					= {June},

	Owner					= {simonb3},
	Timestamp				= {2010.06.01}
}

@Article{Donders06,
	Title					= {Review: a gentle introduction to imputation of missing values.},
	Author					= {Donders, A Rogier T and van der Heijden, Geert J M G and Stijnen, Theo and Moons, Karel G M},
	Journal					= {Journal of Clinical Epidemiology},
	Year					= {2006},
	Number					= {10},
	Pages					= {1087-91},
	Volume					= {59},

	Doi						= {10.1016/j.jclinepi.2006.01.014},
	Pmid					= {16980149}
}

@Article{Harel07,
	Title					= {Multiple imputation: review of theory, implementation and software.},
	Author					= {Harel, Ofer and Zhou, Xiao-Hua},
	Journal					= {Statistics in Medicine},
	Year					= {2007},
	Number					= {16},
	Pages					= {3057-77},
	Volume					= {26},

	Doi						= {10.1002/sim.2787},
	Pmid					= {17256804}
}

@Article{miRubin,
	Title					= {Multiple Imputation After 18+ Years},
	Author					= {Rubin, Donald B.},
	Journal					= {Journal of the American Statistical Association},
	Year					= {1996},
	Number					= {434},
	Pages					= {473-489},
	Volume					= {91}
}

@Article{MIschaffer,
	Title					= {Multiple imputation: a primer},
	Author					= {Schafer, Joseph L},
	Journal					= {Stat Methods Med Res},
	Year					= {1999},
	Pages					= {3-15},
	Volume					= {8},

	Doi						= {10.1177/096228029900800102}
}

@Article{Buuren2011,
	Author					= {van Buuren, Stef and Groothuis-Oudshoorn, Karin},
	Title					= {{mice: Multivariate Imputation by Chained Equations in R}},
	Journal					= {{Journal of Statistical Software}},
	Year					= {{2011}},
	Volume					= {{45}},
	Number					= {{3}},
	Pages					= {{1-67}},
	Month					= {{DEC}},
	ISSN					= {{1548-7660}},
	Unique-ID				= {{ISI:000298032500001}},
}

@Book{Schafer1997,
	Title					= {Analysis of Incomplete Multivariate Data},
	Author					= {Schafer, J.L.},
	Isbn					= {9781439821862},
	Series					= {Chapman \& Hall/CRC Monographs on Statistics \& Applied Probability},
	Year					= {1997},
	Publisher				= {CRC Press}
}

@Article{Garland2000,
	Author					= {Garland, T and Ives, AR},
	Title					= {{Using the past to predict the present: Confidence intervals for
								regression equations in phylogenetic comparative methods}},
	Journal					= {{American Naturalist}},
	Year					= {{2000}},
	Volume					= {{155}},
	Number					= {{3}},
	Pages					= {{346-364}},
	Month					= {{MAR}},
	ISSN					= {{0003-0147}},
	ResearcherID-Numbers	= {{Ives, Anthony/A-5698-2008}},
	Unique-ID				= {{ISI:000086444100005}},
}

@Article{Nakagawa2008,
	Author 					= {Nakagawa, Shinichi and Freckleton, Robert P.},
	Title 					= {{Missing inaction: the dangers of ignoring missing data}},
	Journal 				= {{Trends in Ecology \& Evolution}},
	Year 					= {{2008}},
	Volume 					= {{23}},
	Number 					= {{11}},
	Pages 					= {{592-596}},
	Month 					= {{NOV}},
	DOI 					= {{10.1016/j.tree.2008.06.014}},
	ISSN 					= {{0169-5347}},
	ResearcherID-Numbers 	= {{Nakagawa, Shinichi/B-5571-2011}},
	ORCID-Numbers 			= {{Nakagawa, Shinichi/0000-0002-7765-5182
								Freckleton, Robert/0000-0002-8338-864X}},
	Unique-ID 				= {{ISI:000261130300002}},
}

@Article{Hussain2010,
	Author 					= {Hussain, Shakir and Mohammed, Mohammed A. and Haque, M. Sayeed and
								Holder, Roger and Macleod, John and Hobbs, Richard},
	Title 					= {{A Simple Method to Ensure Plausible Multiple Imputation for Continuous
								Multivariate Data}},
	Journal 				= {{Communications in Statistics-Simulation and Computation}},
	Year 					= {{2010}},
	Volume 					= {{39}},
	Number 					= {{9}},
	Pages 					= {{1779-1784}},
	DOI 					= {{10.1080/03610918.2010.518267}},
	ISSN 					= {{0361-0918}},
	Unique-ID 				= {{ISI:000285748900003}},
}

@Article{celeux,
	Title = {Deviance Information Criteria for Missing Data Models},
	Author = {Celeux, G. and Forbes, F. and Robert, C. P. and Titterington, D. M.},
	Journal = {Bayesian Analysis},
	Year = {2006},
	Number = {4},
	Pages = {651-674},
	Volume = {1}
}

@Article{Elerian2001,
	Title = {Likelihood Inference for Discretely Observed Nonlinear Diffusions},
	Author = {Elerian, Ola and Chib, Siddhartha and Shephard, Neil},
	Journal = {Econometrica},
	Year = {2001},

	Month = {July},
	Number = {4},
	Pages = {959-93},
	Volume = {69},

	Url = {http://ideas.repec.org/a/ecm/emetrp/v69y2001i4p959-93.html}
}

@Article{cure.rate.me,
	Title = {Maximum likelihood estimation in random effects cure rate models with nonignorable missing covariates},
	Author = {HERRING, AMY H. and IBRAHIM, JOSEPH G.},
	Journal = {Biostatistics},
	Year = {2002},
	Number = {3},
	Pages = {387-405},
	Volume = {3}
}

@Article{Horton07,
	Title = {Much ado about nothing: A comparison of missing data methods and software to fit incomplete data regression models.},
	Author = {Horton, NJ and Kleinman, KP},
	Journal = {The American Statistician},
	Year = {2007},
	Number = {1},
	Pages = {79-90},
	Volume = {61},

	Doi = {10.1198/000313007X172556},
	Pmid = {17401454}
}

@Article{ibrahim1999b,
	Title = {Missing covariates in generalized linear models when the missing data mechanism is non-ignorable},
	Author = {Ibrahim, Joseph G. and Lipsitz, Stuart R.},
	Journal = {J. R. Statist. Soc. B},
	Year = {1999},
	Number = {1},
	Pages = {173-190},
	Volume = {61}
}
@Article{ibrahim1999a,
	Title = {Monte Carlo EM for Missing Covariates in Parametric Regression Models},
	Author = {Ibrahirn, Joseph G. and Chen, Ming-Hui and Lipsitz, Stuart R.},
	Journal = {Biometrics},
	Year = {1999},
	Pages = {591-596},
	Volume = {55}
}

@Article{MIlittle,
	Title = {Regression With Missing X's: A Review},
	Author = {Little, Roderick J. A.},
	Journal = {Journal of the American Statistical Association},
	Year = {1992},
	Number = {420},
	Pages = {1227-1237},
	Volume = {87}
}

@Article{MIcaution,
	Title = {A cautionary case study of approaches to the treatment of missing data},
	Author = {Paul, Christopher and Mason, William M. and McCaffrey, Daniel and Fox, Sarah A.},
	Journal = {Stat Meth Appl},
	Year = {2008},
	Pages = {351-372},
	Volume = {17},

	Doi = {10.1007/s10260-007-0090-4}
}

@Article{missdat94,
	Title = {Generalized least squares estimation of multivariate nonlinear models with missing data},
	Author = {Siepman, Howard R. and Yang, Shie-Shien},
	Journal = {Communications in Statistics - Theory and Methods},
	Year = {1994},
	Number = {6},
	Pages = {1565-1579},
	Volume = {23},

	Doi = {10.1080/03610929408831340}
}

@article{Fisher2003,
	author = {Fisher, DO and Blomberg, SP and Owens, IPF},
	doi = {10.1098/rspb.2003.2447},
	journal = {Proceedings of the Royal Society B-Biological Sciences},
	pages = {1801--1808},
	title = {Extrinsic versus intrinsic factors in the decline and extinction of Australian marsupials},
	url = {http://dx.doi.org/10.1098/rspb.2003.2447},
	volume = {270},
	year = {2003}
}

@article{blomberg2003testing,
  title={Testing for phylogenetic signal in comparative data: behavioral traits are more labile},
  author={Blomberg, Simon P and Garland, Theodore and Ives, Anthony R},
  journal={Evolution},
  volume={57},
  number={4},
  pages={717--745},
  year={2003},
  publisher={Wiley Online Library}
}

@article{swenson2014phylogenetic,
  title={Phylogenetic imputation of plant functional trait databases},
  author={Swenson, Nathan G},
  journal={Ecography},
  volume={37},
  number={2},
  pages={105--110},
  year={2014},
  publisher={Wiley Online Library}
}

@article{heymans2007variable,
  title={Variable selection under multiple imputation using the bootstrap in a prognostic study},
  author={Heymans, Martijn W and van Buuren, Stef and Knol, Dirk L and van Mechelen, Willem and de Vet, Henrica CW},
  journal={BMC Medical Research Methodology},
  volume={7},
  number={1},
  pages={1},
  year={2007},
  publisher={BioMed Central}
}

@article{schrodt2015bhpmf,
  title={BHPMF--a hierarchical Bayesian approach to gap-filling and trait prediction for macroecology and functional biogeography},
  author={Schrodt, Franziska and Kattge, Jens and Shan, Hanhuai and Fazayeli, Farideh and Joswig, Julia and Banerjee, Arindam and Reichstein, Markus and B{\"o}nisch, Gerhard and D{\'\i}az, Sandra and Dickie, John and others},
  journal={Global Ecology and Biogeography},
  volume={24},
  number={12},
  pages={1510--1521},
  year={2015},
  publisher={Wiley Online Library}
}

@article{lapointe2001generalized,
  title={A generalized permutation model for the analysis of cross-species data},
  author={Lapointe, Fran{\c{c}}ois-Joseph and Garland, Jr, Theodore},
  journal={Journal of Classification},
  volume={18},
  number={1},
  pages={109--127},
  year={2001},
  publisher={Springer}
}

@book{allison2001missing,
  title={Missing data},
  author={Allison, Paul D},
  volume={136},
  year={2001},
  publisher={Sage publications}
}

@article{kattge2011try,
  title={TRY--a global database of plant traits},
  author={Kattge, Jens and Diaz, Sandra and Lavorel, Sandra and Prentice, IC and Leadley, Paul and B{\"o}nisch, Gerhard and Garnier, Eric and Westoby, Mark and Reich, Peter B and Wright, IJ and others},
  journal={Global change biology},
  volume={17},
  number={9},
  pages={2905--2935},
  year={2011},
  publisher={Wiley Online Library}
}

@Article{ameliaR,
	title = {{Amelia II}: A Program for Missing Data},
	author = {James Honaker and Gary King and Matthew Blackwell},
	journal = {Journal of Statistical Software},
	year = {2011},
	volume = {45},
	number = {7},
	pages = {1--47},
	url = {http://www.jstatsoft.org/v45/i07/},
}

@Article{miR,
	title = {Opening Windows to the Black Box},
	author = {Andrew Gelman and Jennifer Hill},
	journal = {Journal of Statistical Software},
	year = {2011},
	volume = {40},
}

@article{rohlf2001comparative,
	title={Comparative methods for the analysis of continuous variables: geometric interpretations},
	author={Rohlf, F James},
	journal={Evolution},
	volume={55},
	number={11},
	pages={2143--2160},
	year={2001},
	publisher={Wiley Online Library}
}

@article{freckleton2002phylogenetic,
	title={Phylogenetic analysis and comparative data: a test and review of evidence},
	author={Freckleton, Rob P and Harvey, Paul H and Pagel, Mark},
	journal={The American Naturalist},
	volume={160},
	number={6},
	pages={712--726},
	year={2002},
	publisher={JSTOR}
}

@article{martins1997phylogenies,
	title={Phylogenies and the comparative method: a general approach to incorporating phylogenetic information into the analysis of interspecific data},
	author={Martins, Emilia P and Hansen, Thomas F},
	journal={American Naturalist},
	pages={646--667},
	year={1997},
	publisher={JSTOR}
}

@article{revell2012phytools,
	title={phytools: an R package for phylogenetic comparative biology (and other things)},
	author={Revell, Liam J},
	journal={Methods in Ecology and Evolution},
	volume={3},
	number={2},
	pages={217--223},
	year={2012},
	publisher={Wiley Online Library}
}

@article{paradis2004ape,
	title={APE: analyses of phylogenetics and evolution in R language},
	author={Paradis, Emmanuel and Claude, Julien and Strimmer, Korbinian},
	journal={Bioinformatics},
	volume={20},
	number={2},
	pages={289--290},
	year={2004},
	publisher={Oxford Univ Press}
}

@book{sneath1973numerical,
	title={Numerical taxonomy. The principles and practice of numerical classification.},
	author={Sneath, Peter HA and Sokal, Robert R and others},
	year={1973}
}
