% This file was created with JabRef 2.10.
% Encoding: UTF-8


@Article{MIdiagnostics,
  Title                    = {Diagnostics for multivariate imputations},
  Author                   = {Abayomi, Kobi and Gelman, Andrew and Levy, Marc},
  Journal                  = {Journal of the Royal Statistical Society Series C. Appl. Statist.},
  Year                     = {2008},
  Number                   = {3},
  Pages                    = {273-291},
  Volume                   = {57}
}

@Article{van07,
  Title                    = {Multiple imputation of discrete and continuous data by fully conditional specification.},
  Author                   = {van Buuren, Stef},
  Journal                  = {Statistical methods in medical research},
  Year                     = {2007},
  Number                   = {3},
  Pages                    = {219-42},
  Volume                   = {16},

  Doi                      = {10.1177/0962280206074463},
  Pmid                     = {17621469}
}

@TechReport{Buuren2000,
  Title                    = {Multivariate Imputation by Chained Equations},
  Author                   = {van Buuren, S. and Oudshoorn, C. G. M.},
  Year                     = {2000},
  Month                    = {June},

  Owner                    = {simonb3},
  Timestamp                = {2010.06.01}
}

@Article{Donders06,
  Title                    = {Review: a gentle introduction to imputation of missing values.},
  Author                   = {Donders, A Rogier T and van der Heijden, Geert J M G and Stijnen, Theo and Moons, Karel G M},
  Journal                  = {Journal of clinical epidemiology},
  Year                     = {2006},
  Number                   = {10},
  Pages                    = {1087-91},
  Volume                   = {59},

  Doi                      = {10.1016/j.jclinepi.2006.01.014},
  Pmid                     = {16980149}
}

@Article{Harel07,
  Title                    = {Multiple imputation: review of theory, implementation and software.},
  Author                   = {Harel, Ofer and Zhou, Xiao-Hua},
  Journal                  = {Statistics in medicine},
  Year                     = {2007},
  Number                   = {16},
  Pages                    = {3057-77},
  Volume                   = {26},

  Doi                      = {10.1002/sim.2787},
  Pmid                     = {17256804}
}

@Article{miRubin,
  Title                    = {Multiple Imputation After 18+ Years},
  Author                   = {Rubin, Donald B.},
  Journal                  = {Journal of the American Statistical Association},
  Year                     = {1996},
  Number                   = {434},
  Pages                    = {473-489},
  Volume                   = {91}
}

@Article{MIschaffer,
  Title                    = {Multiple imputation: a primer},
  Author                   = {Schafer, Joseph L},
  Journal                  = {Stat Methods Med Res},
  Year                     = {1999},
  Pages                    = {3-15},
  Volume                   = {8},

  Doi                      = {10.1177/096228029900800102}
}

